<record><leader>00000cas a22000007a 4500</leader><controlfield tag="001">10405681</controlfield><controlfield tag="008">840211d18461852ohudr ne      0    0eng d</controlfield><datafield ind1=" " ind2=" " tag="010"><subfield code="a">sn 84028062 </subfield></datafield><datafield ind1=" " ind2=" " tag="040"><subfield code="a">NPY</subfield><subfield code="b">eng</subfield><subfield code="c">NPY</subfield><subfield code="d">ONP</subfield><subfield code="d">MGN</subfield><subfield code="d">OCLCQ</subfield></datafield><datafield ind1=" " ind2=" " tag="042"><subfield code="a">msc</subfield></datafield><datafield ind1="0" ind2="0" tag="245"><subfield code="a">Sandusky City daily mirror.</subfield></datafield><datafield ind1=" " ind2=" " tag="260"><subfield code="a">Sandusky City [Sandusky], Ohio :</subfield><subfield code="b">Mills, Ross &amp; Mackey</subfield></datafield><datafield ind1=" " ind2=" " tag="300"><subfield code="a">v. :</subfield><subfield code="b">ill. (chiefly advertisements) ;</subfield><subfield code="c">52 cm.</subfield></datafield><datafield ind1=" " ind2=" " tag="310"><subfield code="a">Daily</subfield></datafield><datafield ind1="1" ind2=" " tag="362"><subfield code="a">Began in 1846; ceased in 1852?</subfield></datafield><datafield ind1=" " ind2=" " tag="500"><subfield code="a">"Devoted principally to news and commerce ... In politics, the editors belong to the Democratic party."</subfield></datafield><datafield ind1=" " ind2=" " tag="580"><subfield code="a">Weekly ed.: Sandusky Democratic mirror.</subfield></datafield><datafield ind1=" " ind2=" " tag="588"><subfield code="a">Description based on: Vol. 1, no. 51 (July 10, 1847).</subfield></datafield><datafield ind1=" " ind2=" " tag="752"><subfield code="a">United States</subfield><subfield code="b">Ohio</subfield><subfield code="c">Erie</subfield><subfield code="d">Sandusky City.</subfield></datafield><datafield ind1=" " ind2=" " tag="752"><subfield code="a">United States</subfield><subfield code="b">Ohio</subfield><subfield code="c">Erie</subfield><subfield code="d">Sandusky.</subfield></datafield><datafield ind1="1" ind2=" " tag="775"><subfield code="t">Sandusky Democratic mirror</subfield><subfield code="w">(DLC)sn 84028061</subfield></datafield><datafield ind1="0" ind2="0" tag="785"><subfield code="t">Sandusky daily mirror</subfield><subfield code="w">(DLC)sn 84028063</subfield></datafield></record>